@article{gott_iii_map_2005,
	title = {A {Map} of the {Universe}},
	volume = {624},
	issn = {0004-637X, 1538-4357},
	url = {http://stacks.iop.org/0004-637X/624/i=2/a=463},
	doi = {10.1086/428890},
	language = {en},
	number = {2},
	urldate = {2015-11-04TZ},
	journal = {The Astrophysical Journal},
	author = {Gott III, J. Richard and Jurić, Mario and Schlegel, David and Hoyle, Fiona and Vogeley, Michael and Tegmark, Max and Bahcall, Neta and Brinkmann, Jon},
	month = may,
	year = {2005},
	pages = {463--484}
}

@article{courtois_cosmography_2013,
	title = {{COSMOGRAPHY} {OF} {THE} {LOCAL} {UNIVERSE}},
	volume = {146},
	issn = {0004-6256, 1538-3881},
	url = {http://stacks.iop.org/1538-3881/146/i=3/a=69?key=crossref.9d8903295f1377420ab5f2fa33335761},
	doi = {10.1088/0004-6256/146/3/69},
	number = {3},
	urldate = {2015-11-04TZ},
	journal = {The Astronomical Journal},
	author = {Courtois, Hélène M. and Pomarède, Daniel and Tully, R. Brent and Hoffman, Yehuda and Courtois, Denis},
	month = sep,
	year = {2013},
	pages = {69}
}

@article{tully_cosmicflows-2_2013,
	title = {\textit{{COSMICFLOWS}-2} : {THE} {DATA}},
	volume = {146},
	issn = {0004-6256, 1538-3881},
	shorttitle = {\textit{{COSMICFLOWS}-2}},
	url = {http://stacks.iop.org/1538-3881/146/i=4/a=86?key=crossref.64577a5d0f280f929028cbba4f00ecb3},
	doi = {10.1088/0004-6256/146/4/86},
	number = {4},
	urldate = {2015-11-04TZ},
	journal = {The Astronomical Journal},
	author = {Tully, R. Brent and Courtois, Hélène M. and Dolphin, Andrew E. and Fisher, J. Richard and Héraudeau, Philippe and Jacobs, Bradley A. and Karachentsev, Igor D. and Makarov, Dmitry and Makarova, Lidia and Mitronova, Sofia and Rizzi, Luca and Shaya, Edward J. and Sorce, Jenny G. and Wu, Po-Feng},
	month = oct,
	year = {2013},
	pages = {86}
}

@article{tully_laniakea_2014,
	title = {The {Laniakea} supercluster of galaxies},
	volume = {513},
	issn = {0028-0836, 1476-4687},
	url = {http://www.nature.com/doifinder/10.1038/nature13674},
	doi = {10.1038/nature13674},
	number = {7516},
	urldate = {2015-11-04TZ},
	journal = {Nature},
	author = {Tully, R. Brent and Courtois, Hélène and Hoffman, Yehuda and Pomarède, Daniel},
	month = sep,
	year = {2014},
	pages = {71--73}
}

@article{hoffman_kinematic_2012,
	title = {A kinematic classification of the cosmic web: {The} cosmic web},
	volume = {425},
	issn = {00358711},
	shorttitle = {A kinematic classification of the cosmic web},
	url = {http://mnras.oxfordjournals.org/cgi/doi/10.1111/j.1365-2966.2012.21553.x},
	doi = {10.1111/j.1365-2966.2012.21553.x},
	language = {en},
	number = {3},
	urldate = {2015-11-04TZ},
	journal = {Monthly Notices of the Royal Astronomical Society},
	author = {Hoffman, Yehuda and Metuki, Ofer and Yepes, Gustavo and Gottlöber, Stefan and Forero-Romero, Jaime E. and Libeskind, Noam I. and Knebe, Alexander},
	month = sep,
	year = {2012},
	pages = {2049--2057}
}
@article{springel_gadget_2_2005,
author={Springel, V.},
title={The cosmological simulation code GADGET-2},
volume={364},
urldate={2016-2-29},
DOI={10.1111/j.1365-2966.2005.09655.x},
number={4},
journal={Monthly Notices of the Royal Astronomical Society},
year={2005},
pages={1105-1134}
}

@MISC{thompson_pygadgetreader_2014ascl_soft11001T,
   author = {{Thompson}, R.},
    title = "{pyGadgetReader: GADGET snapshot reader for python}",
howpublished = {Astrophysics Source Code Library},
     year = 2014,
    month = nov,
archivePrefix = "ascl",
   eprint = {1411.001},
   adsurl = {http://adsabs.harvard.edu/abs/2014ascl.soft11001T},
  adsnote = {Provided by the SAO/NASA Astrophysics Data System}
}

@book{gonzalez_digital_2008,
	location = {Upper Saddle River, N.J},
	edition = {3rd ed},
	title = {Digital image processing},
	isbn = {9780131687288 013168728X},
	pagetotal = {954},
	publisher = {Prentice Hall},
	author = {Gonzalez, Rafael C. and Woods, Richard E.},
	date = {2008},
	keywords = {Digital techniques, Image processing}
}